@misc{worldbank_gdp_data,
  title        = {GDP per Capita Data (current US\$)},
  author       = {World Bank Group},
  year         = {2024},
  url          = {https://databank.worldbank.org/reports.aspx?source=2&type=metadata&series=NY.GDP.PCAP.CD#},
  note         = {Accessed: 2024-10-15}
}

@misc{youtube_video,
  title        = "{Apple Special Event. October 22, 2013.}",
  author       = "{Apple}",
  year         = {2013},
  url          = {https://www.youtube.com/watch?v=4FunXnJQxYU&t=6s},
  note         = "[Accessed: 14-Oct-2024]",
}

@online{fig1,
  title     = {Apple Special Event},
  author    = {The Verge},
  year      = {2013},
  url       = {https://www.theverge.com/live},
  note      = {Accessed: 2024-10-15}
}

@online{apple_sec_filings,
  title     = {SEC Filings},
  author    = {Apple Inc.},
  year      = {n.d.},  
  url       = {https://investor.apple.com/sec-filings/default.aspx},
  note      = {[Accessed: 2024-10-15]}
}


